
@article{sood2000mammalian,
  title = {{A} mammalian homologue of {GCN}2 protein kinase important for translational control by phosphorylation of eukaryotic initiation factor-2alpha.},
  volume = {154},
  issn = {0016-6731},
  url = {http://www.ncbi.nlm.nih.gov/pmc/articles/PMC1460965/},
  timestamp = {2015-05-10 04:26:45},
  pmid = {10655230},
  pmcid = {PMC1460965},
  number = {2},
  urldate = {2015-05-10},
  journal = {Genetics},
  author = {Sood, {R} and {Porter}, {A} {C} and {Olsen}, {D} {A} and {Cavener}, {D} {R} and {Wek}, {R} {C}},
  month = feb,
  year = {2000},
  pages = {787--801}
}

@article{rohdewald1964uber,
  title = {{\"U}ber die antianabole {Wirkung} von {Glucocorticoiden}. {I}. {Mitteilung}: {Untersuchungen} am {Skelettmuskel} von {Ratte} und {Maus}},
  volume = {28},
  issn = {0013-9424},
  language = {ger},
  timestamp = {2015-05-09 17:08:22},
  pmid = {14238775},
  journal = {Enzymologia},
  author = {Rohdewald, {M}. and {Glasmacher}, {H}.},
  month = nov,
  year = {1964},
  pages = {49--56}
}

@article{berlanga1999characterization,
  title = {Characterization of a mammalian homolog of the {GCN}2 eukaryotic initiation factor 2alpha kinase},
  volume = {265},
  issn = {0014-2956},
  language = {eng},
  timestamp = {2015-05-10 06:35:59},
  pmid = {10504407},
  number = {2},
  journal = {European journal of biochemistry / {FEBS}},
  author = {Berlanga, {J}. {J}. and {Santoyo}, {J}. and {De} {Haro}, {C}.},
  month = oct,
  year = {1999},
  pages = {754--762}
}

@article{gross1987evidence,
  title = {Evidence that phosphorylation of {eIF}-2(alpha) prevents the {eIF}-2B-mediated dissociation of {eIF}-2 {X} {GDP} from the 60 {S} subunit of complete initiation complexes},
  volume = {262},
  issn = {0021-9258},
  language = {eng},
  timestamp = {2015-05-10 07:04:09},
  pmid = {3646234},
  number = {14},
  journal = {The {Journal} of {Biological} {Chemistry}},
  author = {Gross, {M}. and {Wing}, {M}. and {Rundquist}, {C}. and {Rubino}, {M}. {S}.},
  month = may,
  year = {1987},
  pages = {6899--6907}
}


