
@article{mastropasqua2003hoffmans,
  pmid = {12589116},
  title = {Hoffman's syndrome: muscle stiffness, pseudohypertrophy and hypothyroidism},
  volume = {59},
  issn = {0301-0163},
  shorttitle = {Hoffman's syndrome},
  doi = {68573},
  language = {eng},
  timestamp = {2015-04-11 18:38:23},
  number = {2},
  journal = {Hormone {Research}},
  author = {Mastropasqua, {Maria} and {Spagna}, {Gaetano} and {Baldini}, {Valentina} and {Tedesco}, {Ilaria} and {Paggi}, {Anna}},
  year = {2003},
  keywords = {used2},
  pages = {105--108}
}

@article{sotiropoulos2006growth,
  pmid = {16670201},
  pmcid = {PMC1456062},
  title = {Growth hormone promotes skeletal muscle cell fusion independent of insulin-like growth factor 1 up-regulation},
  volume = {103},
  issn = {0027-8424},
  doi = {10.1073/pnas.0510033103},
  timestamp = {2015-04-09 18:35:48},
  number = {19},
  urldate = {2015-04-09},
  journal = {Proceedings of the {National} {Academy} of {Sciences} of the {United} {States} of {America}},
  author = {Sotiropoulos, {Athanassia} and {Ohanna}, {Micka}{\"e}l and {Kedzia}, {C}{\'e}cile and {Menon}, {Ram} {K}. and {Kopchick}, {John} {J}. and {Kelly}, {Paul} {A}. and {Pende}, {Mario}},
  month = may,
  year = {2006},
  keywords = {used2},
  pages = {7315--7320},
  file = {Growth hormone promotes skeletal muscle cell fusion independent of insulin-like growth factor 1 up-regulation (2006) (Sotiropoulos) (Proc Natl Acad Sci U S A).pdf:/dump/zotero/thesiszotero/papers/Growth hormone promotes skeletal muscle cell fusion independent of insulin-like growth factor 1 up-regulation (2006) (Sotiropoulos) (Proc Natl Acad Sci U S A).pdf:application/pdf}
}

@article{lupu2001roles,
  pmid = {11133160},
  title = {Roles of growth hormone and insulin-like growth factor 1 in mouse postnatal growth},
  volume = {229},
  issn = {0012-1606},
  doi = {10.1006/dbio.2000.9975},
  language = {eng},
  timestamp = {2015-04-09 18:09:17},
  number = {1},
  journal = {Developmental {Biology}},
  author = {Lupu, {F}. and {Terwilliger}, {J}. {D}. and {Lee}, {K}. and {Segre}, {G}. {V}. and {Efstratiadis}, {A}.},
  month = jan,
  year = {2001},
  keywords = {used2},
  pages = {141--162},
  file = {Roles of Growth Hormone and Insulin-like Growth Factor 1 in Mouse Postnatal Growth (2001) (Lupu) (Developmental Biology).pdf:/dump/zotero/thesiszotero/papers/Roles of Growth Hormone and Insulin-like Growth Factor 1 in Mouse Postnatal Growth (2001) (Lupu) (Developmental Biology).pdf:application/pdf}
}

@article{imanaka2008growth,
  pmid = {18772608},
  title = {Growth hormone stimulates mechano growth factor expression and activates myoblast transformation in {C}2C12 cells},
  volume = {54},
  issn = {1883-0498},
  language = {eng},
  timestamp = {2015-04-07 05:58:11},
  number = {1},
  journal = {The {Kobe} {Journal} of {Medical} {Sciences}},
  author = {Imanaka, {Mari} and {Iida}, {Keiji} and {Murawaki}, {Ayumi} and {Nishizawa}, {Hitoshi} and {Fukuoka}, {Hidenori} and {Takeno}, {Ryoko} and {Takahashi}, {Yutaka} and {Okimura}, {Yasuhiko} and {Kaji}, {Hidesuke} and {Chihara}, {Kazuo}},
  year = {2008},
  keywords = {used2},
  pages = {E46--54},
  file = {Growth hormone stimulates mechano growth factor expression and activates myoblast transformation in C2C12 cells (2008) (Imanaka) (Kobe J Med Sci).pdf:/dump/zotero/thesiszotero/papers/Growth hormone stimulates mechano growth factor expression and activates myoblast transformation in C2C12 cells (2008) (Imanaka) (Kobe J Med Sci).pdf:application/pdf}
}

@article{resmini2011identification,
  title = {Identification of novel {GH}-regulated genes in {C}2C12 cells},
  volume = {43},
  issn = {1439-4286},
  doi = {10.1055/s-0031-1291285},
  language = {eng},
  timestamp = {2015-01-27 05:19:28},
  number = {13},
  journal = {Hormone and metabolic research = {Hormon}- und {Stoffwechselforschung} = {Hormones} et m{\'e}tabolisme},
  author = {Resmini, {E} and {Morte}, {B} and {Sorianello}, {E} and {Gallardo}, {E} and de {Luna}, {N} and {Illa}, {I} and {Zorzano}, {A} and {Bernal}, {J} and {Webb}, {S} {M}},
  month = dec,
  year = {2011},
  note = {00003},
  keywords = {Thesis,used2},
  pages = {919--930},
  file = {Identification of novel GH-regulated genes in C2C12 cells (2011) (Resmini) (Horm. Metab. Res.).pdf:/dump/zotero/thesiszotero/papers/Identification of novel GH-regulated genes in C2C12 cells (2011) (Resmini) (Horm. Metab. Res.).pdf:application/pdf}
}


