
@article{serra2013effects,
  pmid = {24105483},
  pmcid = {PMC3836062},
  title = {The effects of testosterone deprivation and supplementation on proteasomal and autophagy activity in the skeletal muscle of the male mouse: differential effects on high-androgen responder and low-androgen responder muscle groups},
  volume = {154},
  issn = {1945-7170},
  shorttitle = {The effects of testosterone deprivation and supplementation on proteasomal and autophagy activity in the skeletal muscle of the male mouse},
  doi = {10.1210/en.2013-1004},
  language = {eng},
  timestamp = {2015-01-27 05:31:25},
  number = {12},
  journal = Endocrinology,
  author = {Serra, {Carlo} and {Sandor}, {Nicolae} {Lucian} and {Jang}, {Hyeran} and {Lee}, {Daniel} and {Toraldo}, {Gianluca} and {Guarneri}, {Tyler} and {Wong}, {Siu} and {Zhang}, {Anqi} and {Guo}, {Wen} and {Jasuja}, {Ravi} and {Bhasin}, {Shalender}},
  month = dec,
  year = {2013},
  pages = {4594--4606}
}

@article{britto2014redd1,
  pmid = {25315696},
  title = {{REDD}1 deletion prevents dexamethasone-induced skeletal muscle atrophy},
  issn = {1522-1555},
  doi = {10.1152/ajpendo.00234.2014},
  language = {eng},
  timestamp = {2015-03-30 17:02:32},
  journal = {American {Journal} of {Physiology}. {Endocrinology} and {Metabolism}},
  author = {Britto, {Florian} {A}. and {Begue}, {Gwenaelle} and {Rossano}, {Bernadette} and {Docquier}, {Aur}{\'e}lie and {Vernus}, {Barbara} and {Sar}, {Chamroeun} and {Ferry}, {Arnaud} and {Bonnieu}, {Anne} and {Ollendorff}, {Vincent} and {Favier}, {Francois} {B}.},
  month = oct,
  year = {2014},
  pages = {ajpendo.00234.2014}
}

